<?xml version="1.0" encoding="UTF-8"?><collection xmlns="http://www.loc.gov/MARC21/slim"><record><leader>00570nam--2200193-u-4500</leader><controlfield tag="001">000053629</controlfield><controlfield tag="002">20161230</controlfield><controlfield tag="005">20161230201051</controlfield><controlfield tag="008">110510s1000------------r-----000-0-fre-d</controlfield><datafield ind1=" " ind2=" " tag="040"><subfield code="a">IFIN-HH</subfield></datafield><datafield ind1=" " ind2=" " tag="041"><subfield code="a">fre</subfield></datafield><datafield ind1=" " ind2=" " tag="080"><subfield code="a">536.2(083.53)</subfield></datafield><datafield ind1="1" ind2=" " tag="100"><subfield code="a">Gouffe, Andre</subfield></datafield><datafield ind1="1" ind2="0" tag="245"><subfield code="a">Formules et donnees numeriques sur la transmission de la chaleur</subfield><subfield code="b">Chaier 1 transmission de la chaleur par rayonnement</subfield><subfield code="c">Andre gouffe</subfield></datafield><datafield ind1=" " ind2=" " tag="260"><subfield code="a">Paris</subfield><subfield code="b">Editions Eyrolles</subfield><subfield code="c">1978</subfield></datafield><datafield ind1=" " ind2=" " tag="300"><subfield code="a">139P</subfield></datafield><datafield ind1=" " ind2=" " tag="490"><subfield code="a">Collection Anrt-sft</subfield></datafield><datafield ind1=" " ind2=" " tag="852"><subfield code="a">48254</subfield><subfield code="c">536</subfield></datafield><datafield ind1=" " ind2=" " tag="CAT"><subfield code="a">Sys</subfield><subfield code="c">20110510</subfield><subfield code="h">111658</subfield></datafield></record></collection>